@article{rumelhart1986learning,
	title={Learning representations by back-propagating errors},
	author={Rumelhart, David E and Hinton, Geoffrey E and Williams, Ronald J},
	journal={nature},
	volume={323},
	number={6088},
	pages={533},
	year={1986},
	publisher={Nature Publishing Group}
} 

@article{lecun2015deep,
	title={Deep learning},
	author={LeCun, Yann and Bengio, Yoshua and Hinton, Geoffrey},
	journal={nature},
	volume={521},
	number={7553},
	pages={436},
	year={2015},
	publisher={Nature Publishing Group}
}

@book{goodfellow2016deep,
	title={Deep learning},
	author={Goodfellow, Ian and Bengio, Yoshua and Courville, Aaron and Bengio, Yoshua},
	volume={1},
	year={2016},
	publisher={MIT press Cambridge}
}

@article{schmidhuber2015deep,
	title={Deep learning in neural networks: An overview},
	author={Schmidhuber, J{\"u}rgen},
	journal={Neural networks},
	volume={61},
	pages={85--117},
	year={2015},
	publisher={Elsevier}
}

@article{mnih2013playing,
	title={Playing atari with deep reinforcement learning},
	author={Mnih, Volodymyr and Kavukcuoglu, Koray and Silver, David and Graves, Alex and Antonoglou, Ioannis and Wierstra, Daan and Riedmiller, Martin},
	journal={arXiv preprint arXiv:1312.5602},
	year={2013}
}

@article{yu2018bdd100k,
	title={BDD100K: A Diverse Driving Video Database with Scalable Annotation Tooling},
	author={Yu, Fisher and Xian, Wenqi and Chen, Yingying and Liu, Fangchen and Liao, Mike and Madhavan, Vashisht and Darrell, Trevor},
	journal={arXiv preprint arXiv:1805.04687},
	year={2018}
}

@article{xu2016end,
	title={End-to-end learning of driving models from large-scale video datasets},
	author={Xu, Huazhe and Gao, Yang and Yu, Fisher and Darrell, Trevor},
	journal={arXiv preprint arXiv:1612.01079},
	year={2016}
}

@inproceedings{pomerleau1989alvinn,
	title={Alvinn: An autonomous land vehicle in a neural network},
	author={Pomerleau, Dean A},
	booktitle={Advances in neural information processing systems},
	pages={305--313},
	year={1989}
}

@article{bojarski2016end,
	title={End to end learning for self-driving cars},
	author={Bojarski, Mariusz and Del Testa, Davide and Dworakowski, Daniel and Firner, Bernhard and Flepp, Beat and Goyal, Prasoon and Jackel, Lawrence D and Monfort, Mathew and Muller, Urs and Zhang, Jiakai and others},
	journal={arXiv preprint arXiv:1604.07316},
	year={2016}
}

@inproceedings{deng2009imagenet,
	title={Imagenet: A large-scale hierarchical image database},
	author={Deng, Jia and Dong, Wei and Socher, Richard and Li, Li-Jia and Li, Kai and Fei-Fei, Li},
	booktitle={Computer Vision and Pattern Recognition, 2009. CVPR 2009. IEEE Conference on},
	pages={248--255},
	year={2009},
	organization={Ieee}
}

@article{russakovsky2015imagenet,
	title={Imagenet large scale visual recognition challenge},
	author={Russakovsky, Olga and Deng, Jia and Su, Hao and Krause, Jonathan and Satheesh, Sanjeev and Ma, Sean and Huang, Zhiheng and Karpathy, Andrej and Khosla, Aditya and Bernstein, Michael and others},
	journal={International Journal of Computer Vision},
	volume={115},
	number={3},
	pages={211--252},
	year={2015},
	publisher={Springer}
}

@inproceedings{krizhevsky2012imagenet,
	title={Imagenet classification with deep convolutional neural networks},
	author={Krizhevsky, Alex and Sutskever, Ilya and Hinton, Geoffrey E},
	booktitle={Advances in neural information processing systems},
	pages={1097--1105},
	year={2012}
}

@inproceedings{goodfellow2014generative,
	title={Generative adversarial nets},
	author={Goodfellow, Ian and Pouget-Abadie, Jean and Mirza, Mehdi and Xu, Bing and Warde-Farley, David and Ozair, Sherjil and Courville, Aaron and Bengio, Yoshua},
	booktitle={Advances in neural information processing systems},
	pages={2672--2680},
	year={2014}
}

@article{goodfellow2016nips,
	title={NIPS 2016 tutorial: Generative adversarial networks},
	author={Goodfellow, Ian},
	journal={arXiv preprint arXiv:1701.00160},
	year={2016}
}

@article{radford2015unsupervised,
	title={Unsupervised representation learning with deep convolutional generative adversarial networks},
	author={Radford, Alec and Metz, Luke and Chintala, Soumith},
	journal={arXiv preprint arXiv:1511.06434},
	year={2015}
}

@article{mirza2014conditional,
	title={Conditional generative adversarial nets},
	author={Mirza, Mehdi and Osindero, Simon},
	journal={arXiv preprint arXiv:1411.1784},
	year={2014}
}

@article{isola2017image,
	title={Image-to-image translation with conditional adversarial networks},
	author={Isola, Phillip and Zhu, Jun-Yan and Zhou, Tinghui and Efros, Alexei A},
	journal={arXiv preprint},
	year={2017}
}

@article{reed2016generative,
	title={Generative adversarial text to image synthesis},
	author={Reed, Scott and Akata, Zeynep and Yan, Xinchen and Logeswaran, Lajanugen and Schiele, Bernt and Lee, Honglak},
	journal={arXiv preprint arXiv:1605.05396},
	year={2016}
}

@article{kingma2013auto,
	title={Auto-encoding variational bayes},
	author={Kingma, Diederik P and Welling, Max},
	journal={arXiv preprint arXiv:1312.6114},
	year={2013}
}

@inproceedings{sabour2017dynamic,
	title={Dynamic routing between capsules},
	author={Sabour, Sara and Frosst, Nicholas and Hinton, Geoffrey E},
	booktitle={Advances in Neural Information Processing Systems},
	pages={3856--3866},
	year={2017}
}

@inproceedings{e2018matrix,
	title={Matrix capsules with {EM} routing},
	author={Geoffrey E Hinton and Sara Sabour and Nicholas Frosst},
	booktitle={International Conference on Learning Representations},
	year={2018},
	url={https://openreview.net/forum?id=HJWLfGWRb},
}

@article{GregorDGW15,
	author    = {Karol Gregor and Ivo Danihelka and Alex Graves and	Daan Wierstra},
	title     = {{DRAW:} {A} Recurrent Neural Network For Image Generation},
	journal   = {CoRR},
	volume    = {abs/1502.04623},
	year      = {2015},
	url       = {http://arxiv.org/abs/1502.04623},
	archivePrefix = {arXiv},
	eprint    = {1502.04623},
	timestamp = {Mon, 13 Aug 2018 16:46:31 +0200},
	biburl    = {https://dblp.org/rec/bib/journals/corr/GregorDGW15},
	bibsource = {dblp computer science bibliography, https://dblp.org}
}

@article{srivastava2014dropout,
	title={Dropout: a simple way to prevent neural networks from overfitting},
	author={Srivastava, Nitish and Hinton, Geoffrey and Krizhevsky, Alex and Sutskever, Ilya and Salakhutdinov, Ruslan},
	journal={The Journal of Machine Learning Research},
	volume={15},
	number={1},
	pages={1929--1958},
	year={2014},
	publisher={JMLR. org}
}

@inproceedings{nister2004visual,
	title={Visual odometry},
	author={Nist{\'e}r, David and Naroditsky, Oleg and Bergen, James},
	booktitle={Computer Vision and Pattern Recognition, 2004. CVPR 2004. Proceedings of the 2004 IEEE Computer Society Conference on},
	volume={1},
	pages={I--I},
	year={2004},
	organization={Ieee}
}

@article{mnih2015human,
	title={Human-level control through deep reinforcement learning},
	author={Mnih, Volodymyr and Kavukcuoglu, Koray and Silver, David and Rusu, Andrei A and Veness, Joel and Bellemare, Marc G and Graves, Alex and Riedmiller, Martin and Fidjeland, Andreas K and Ostrovski, Georg and others},
	journal={Nature},
	volume={518},
	number={7540},
	pages={529},
	year={2015},
	publisher={Nature Publishing Group}
}

@article{stafylopatis1998autonomous,
	title={Autonomous vehicle navigation using evolutionary reinforcement learning},
	author={Stafylopatis, Andreas and Blekas, Konstantinos},
	journal={European Journal of Operational Research},
	volume={108},
	number={2},
	pages={306--318},
	year={1998},
	publisher={North-Holland}
}

@article{lecun1998gradient,
	title={Gradient-based learning applied to document recognition},
	author={LeCun, Yann and Bottou, L{\'e}on and Bengio, Yoshua and Haffner, Patrick},
	journal={Proceedings of the IEEE},
	volume={86},
	number={11},
	pages={2278--2324},
	year={1998},
	publisher={IEEE}
}

@inproceedings{ren2015faster,
	title={Faster r-cnn: Towards real-time object detection with region proposal networks},
	author={Ren, Shaoqing and , Kaiming and Girshick, Ross and Sun, Jian},
	booktitle={Advances in neural information processing systems},
	pages={91--99},
	year={2015}
}

@inproceedings{long2015fully,
	title={Fully convolutional networks for semantic segmentation},
	author={Long, Jonathan and Shelhamer, Evan and Darrell, Trevor},
	booktitle={Proceedings of the IEEE conference on computer vision and pattern recognition},
	pages={3431--3440},
	year={2015}
}

@inproceedings{taigman2014deepface,
	title={Deepface: Closing the gap to human-level performance in face verification},
	author={Taigman, Yaniv and Yang, Ming and Ranzato, Marc'Aurelio and Wolf, Lior},
	booktitle={Proceedings of the IEEE conference on computer vision and pattern recognition},
	pages={1701--1708},
	year={2014}
}

@inproceedings{toshev2014deeppose,
	title={Deeppose: Human pose estimation via deep neural networks},
	author={Toshev, Alexander and Szegedy, Christian},
	booktitle={Proceedings of the IEEE conference on computer vision and pattern recognition},
	pages={1653--1660},
	year={2014}
}

@inproceedings{mnih2010learning,
	title={Learning to detect roads in high-resolution aerial images},
	author={Mnih, Volodymyr and Hinton, Geoffrey E},
	booktitle={European Conference on Computer Vision},
	pages={210--223},
	year={2010},
	organization={Springer}
}

@inproceedings{sermanet2011traffic,
	title={Traffic sign recognition with multi-scale convolutional networks},
	author={Sermanet, Pierre and LeCun, Yann},
	booktitle={Neural Networks (IJCNN), The 2011 International Joint Conference on},
	pages={2809--2813},
	year={2011},
	organization={IEEE}
}

@inproceedings{zeiler2014visualizing,
	title={Visualizing and understanding convolutional networks},
	author={Zeiler, Matthew D and Fergus, Rob},
	booktitle={European conference on computer vision},
	pages={818--833},
	year={2014},
	organization={Springer}
}

@article{simonyan2014very,
	title={Very deep convolutional networks for large-scale image recognition},
	author={Simonyan, Karen and Zisserman, Andrew},
	journal={arXiv preprint arXiv:1409.1556},
	year={2014}
}

@inproceedings{szegedy2015going,
	title={Going deeper with convolutions},
	author={Szegedy, Christian and Liu, Wei and Jia, Yangqing and Sermanet, Pierre and Reed, Scott and Anguelov, Dragomir and Erhan, Dumitru and Vanhoucke, Vincent and Rabinovich, Andrew},
	booktitle={Proceedings of the IEEE conference on computer vision and pattern recognition},
	pages={1--9},
	year={2015}
}

@inproceedings{he2016deep,
	title={Deep residual learning for image recognition},
	author={He, Kaiming and Zhang, Xiangyu and Ren, Shaoqing and Sun, Jian},
	booktitle={Proceedings of the IEEE conference on computer vision and pattern recognition},
	pages={770--778},
	year={2016}
}

@article{lecun1989backpropagation,
	title={Backpropagation applied to handwritten zip code recognition},
	author={LeCun, Yann and Boser, Bernhard and Denker, John S and Henderson, Donnie and Howard, Richard E and Hubbard, Wayne and Jackel, Lawrence D},
	journal={Neural computation},
	volume={1},
	number={4},
	pages={541--551},
	year={1989},
	publisher={MIT Press}
}

@inproceedings{wang2001trajectory,
	title={Trajectory planning for a four-wheel-steering vehicle},
	author={Wang, Danwei and Qi, Feng},
	booktitle={Robotics and Automation, 2001. Proceedings 2001 ICRA. IEEE International Conference on},
	volume={4},
	pages={3320--3325},
	year={2001},
	organization={IEEE}
}

@article{SantanaH16,
	author    = {Eder Santana and George Hotz},
	title     = {Learning a Driving Simulator},
	journal   = {CoRR},
	volume    = {abs/1608.01230},
	year      = {2016},
	url       = {http://arxiv.org/abs/1608.01230},
	archivePrefix = {arXiv},
	eprint    = {1608.01230},
	timestamp = {Mon, 13 Aug 2018 16:46:59 +0200},
	biburl    = {https://dblp.org/rec/bib/journals/corr/SantanaH16},
	bibsource = {dblp computer science bibliography, https://dblp.org}
}

@inproceedings{krogh1992simple,
	title={A simple weight decay can improve generalization},
	author={Krogh, Anders and Hertz, John A},
	booktitle={Advances in neural information processing systems},
	pages={950--957},
	year={1992}
}

@InProceedings{salakhutdinov09,
	title = 	 {Deep Boltzmann Machines},
	author = 	 {Ruslan Salakhutdinov and Geoffrey Hinton},
	booktitle = 	 {Proceedings of the Twelth International Conference on Artificial Intelligence and Statistics},
	pages = 	 {448--455},
	year = 	 {2009},
	editor = 	 {David van Dyk and Max Welling},
	volume = 	 {5},
	series = 	 {Proceedings of Machine Learning Research},
	address = 	 {Hilton Clearwater Beach Resort, Clearwater Beach, Florida USA},
	month = 	 {16--18 Apr},
}

@inproceedings{salakhutdinov2007restricted,
	title={Restricted Boltzmann machines for collaborative filtering},
	author={Salakhutdinov, Ruslan and Mnih, Andriy and Hinton, Geoffrey},
	booktitle={Proceedings of the 24th international conference on Machine learning},
	pages={791--798},
	year={2007},
	organization={ACM}
}

@article{Ha2016,
	author    = {David Ha and	Andrew M. Dai and	Quoc V. Le},
	title     = {HyperNetworks},
	journal   = {CoRR},
	volume    = {abs/1609.09106},
	year      = {2016},
	url       = {http://arxiv.org/abs/1609.09106},
	archivePrefix = {arXiv},
	eprint    = {1609.09106},
	timestamp = {Mon, 13 Aug 2018 16:48:51 +0200},
	biburl    = {https://dblp.org/rec/bib/journals/corr/HaDL16},
	bibsource = {dblp computer science bibliography, https://dblp.org}
}

@article{hu2017squeeze,
	title={Squeeze-and-excitation networks},
	author={Hu, Jie and Shen, Li and Sun, Gang},
	journal={arXiv preprint arXiv:1709.01507},
	volume={7},
	year={2017}
}

@article{hochreiter1997long,
	title={Long short-term memory},
	author={Hochreiter, Sepp and Schmidhuber, J{\"u}rgen},
	journal={Neural computation},
	volume={9},
	number={8},
	pages={1735--1780},
	year={1997},
	publisher={MIT Press}
}

@article{cho2014properties,
	title={On the properties of neural machine translation: Encoder-decoder approaches},
	author={Cho, Kyunghyun and Van Merri{\"e}nboer, Bart and Bahdanau, Dzmitry and Bengio, Yoshua},
	journal={arXiv preprint arXiv:1409.1259},
	year={2014}
}

@article{chung2014empirical,
	title={Empirical evaluation of gated recurrent neural networks on sequence modeling},
	author={Chung, Junyoung and Gulcehre, Caglar and Cho, KyungHyun and Bengio, Yoshua},
	journal={arXiv preprint arXiv:1412.3555},
	year={2014}
}

@article{bengio1994learning,
	title={Learning long-term dependencies with gradient descent is difficult},
	author={Bengio, Yoshua and Simard, Patrice and Frasconi, Paolo},
	journal={IEEE transactions on neural networks},
	volume={5},
	number={2},
	pages={157--166},
	year={1994}
}

@inproceedings{bengio2013advances,
	title={Advances in optimizing recurrent networks},
	author={Bengio, Yoshua and Boulanger-Lewandowski, Nicolas and Pascanu, Razvan},
	booktitle={2013 IEEE International Conference on Acoustics, Speech and Signal Processing},
	pages={8624--8628},
	year={2013},
	organization={IEEE}
}

@inproceedings{martens2011learning,
	title={Learning recurrent neural networks with hessian-free optimization},
	author={Martens, James and Sutskever, Ilya},
	booktitle={Proceedings of the 28th International Conference on Machine Learning (ICML-11)},
	pages={1033--1040},
	year={2011},
	organization={Citeseer}
}

@inproceedings{mikolov2010recurrent,
	title={Recurrent neural network based language model},
	author={Mikolov, Tom{\'a}{\v{s}} and Karafi{\'a}t, Martin and Burget, Luk{\'a}{\v{s}} and {\v{C}}ernock{\`y}, Jan and Khudanpur, Sanjeev},
	booktitle={Eleventh Annual Conference of the International Speech Communication Association},
	year={2010}
}

@article{graves2013generating,
	title={Generating sequences with recurrent neural networks},
	author={Graves, Alex},
	journal={arXiv preprint arXiv:1308.0850},
	year={2013}
}

@inproceedings{sutskever2014sequence,
	title={Sequence to sequence learning with neural networks},
	author={Sutskever, Ilya and Vinyals, Oriol and Le, Quoc V},
	booktitle={Advances in neural information processing systems},
	pages={3104--3112},
	year={2014}
}

@inproceedings{graves2013speech,
	title={Speech recognition with deep recurrent neural networks},
	author={Graves, Alex and Mohamed, Abdel-rahman and Hinton, Geoffrey},
	booktitle={Acoustics, speech and signal processing (icassp), 2013 ieee international conference on},
	pages={6645--6649},
	year={2013},
	organization={IEEE}
}

@inproceedings{vinyals2015show,
	title={Show and tell: A neural image caption generator},
	author={Vinyals, Oriol and Toshev, Alexander and Bengio, Samy and Erhan, Dumitru},
	booktitle={Proceedings of the IEEE conference on computer vision and pattern recognition},
	pages={3156--3164},
	year={2015}
}

@inproceedings{karpathy2015deep,
	title={Deep visual-semantic alignments for generating image descriptions},
	author={Karpathy, Andrej and Fei-Fei, Li},
	booktitle={Proceedings of the IEEE conference on computer vision and pattern recognition},
	pages={3128--3137},
	year={2015}
}

@inproceedings{donahue2015long,
	title={Long-term recurrent convolutional networks for visual recognition and description},
	author={Donahue, Jeffrey and Anne Hendricks, Lisa and Guadarrama, Sergio and Rohrbach, Marcus and Venugopalan, Subhashini and Saenko, Kate and Darrell, Trevor},
	booktitle={Proceedings of the IEEE conference on computer vision and pattern recognition},
	pages={2625--2634},
	year={2015}
}

@inproceedings{xu2015show,
	title={Show, attend and tell: Neural image caption generation with visual attention},
	author={Xu, Kelvin and Ba, Jimmy and Kiros, Ryan and Cho, Kyunghyun and Courville, Aaron and Salakhudinov, Ruslan and Zemel, Rich and Bengio, Yoshua},
	booktitle={International conference on machine learning},
	pages={2048--2057},
	year={2015}
}

@article{dollar2012pedestrian,
	title={Pedestrian detection: An evaluation of the state of the art},
	author={Dollar, Piotr and Wojek, Christian and Schiele, Bernt and Perona, Pietro},
	journal={IEEE transactions on pattern analysis and machine intelligence},
	volume={34},
	number={4},
	pages={743--761},
	year={2012},
	publisher={IEEE}
}

@inproceedings{oren1997pedestrian,
	title={Pedestrian detection using wavelet templates},
	author={Oren, Michael and Papageorgiou, Constantine and Sinha, Pawan and Osuna, Edgar and Poggio, Tomaso},
	booktitle={Computer Vision and Pattern Recognition, 1997. Proceedings., 1997 IEEE Computer Society Conference on},
	pages={193--199},
	year={1997},
	organization={IEEE}
}

@article{maldonado2007road,
	title={Road-sign detection and recognition based on support vector machines},
	author={Maldonado-Basc{\'o}n, Saturnino and Lafuente-Arroyo, Sergio and Gil-Jimenez, Pedro and G{\'o}mez-Moreno, Hilario and L{\'o}pez-Ferreras, Francisco},
	journal={IEEE transactions on intelligent transportation systems},
	volume={8},
	number={2},
	pages={264--278},
	year={2007},
	publisher={IEEE}
}

@article{fang2003road,
	title={Road-sign detection and tracking},
	author={Fang, Chiung-Yao and Chen, Sei-Wang and Fuh, Chiou-Shann},
	journal={IEEE transactions on vehicular technology},
	volume={52},
	number={5},
	pages={1329--1341},
	year={2003},
	publisher={IEEE}
}

@article{he2004color,
	title={Color-based road detection in urban traffic scenes},
	author={He, Yinghua and Wang, Hong and Zhang, Bo},
	journal={IEEE Transactions on intelligent transportation systems},
	volume={5},
	number={4},
	pages={309--318},
	year={2004},
	publisher={IEEE}
}

@article{kong2010general,
	title={General road detection from a single image},
	author={Kong, Hui and Audibert, Jean-Yves and Ponce, Jean},
	journal={IEEE Transactions on Image Processing},
	volume={19},
	number={8},
	pages={2211--2220},
	year={2010},
	publisher={IEEE}
}

@article{bertozzi1998gold,
	title={GOLD: A parallel real-time stereo vision system for generic obstacle and lane detection},
	author={Bertozzi, Massimo and Broggi, Alberto},
	journal={IEEE transactions on image processing},
	volume={7},
	number={1},
	pages={62--81},
	year={1998},
	publisher={IEEE}
}

@article{wang2004lane,
	title={Lane detection and tracking using B-Snake},
	author={Wang, Yue and Teoh, Eam Khwang and Shen, Dinggang},
	journal={Image and Vision computing},
	volume={22},
	number={4},
	pages={269--280},
	year={2004},
	publisher={Elsevier}
}

@article{badrinarayanan2015segnet,
	title={Segnet: A deep convolutional encoder-decoder architecture for image segmentation},
	author={Badrinarayanan, Vijay and Kendall, Alex and Cipolla, Roberto},
	journal={arXiv preprint arXiv:1511.00561},
	year={2015}
}

@article{chen2018deeplab,
	title={Deeplab: Semantic image segmentation with deep convolutional nets, atrous convolution, and fully connected crfs},
	author={Chen, Liang-Chieh and Papandreou, George and Kokkinos, Iasonas and Murphy, Kevin and Yuille, Alan L},
	journal={IEEE transactions on pattern analysis and machine intelligence},
	volume={40},
	number={4},
	pages={834--848},
	year={2018},
	publisher={IEEE}
}

@inproceedings{kim2017end,
	title={End-to-End Ego Lane Estimation based on Sequential Transfer Learning for Self-Driving Cars},
	author={Kim, Jiman and Park, Chanjong},
	booktitle={Computer Vision and Pattern Recognition Workshops (CVPRW), 2017 IEEE Conference on},
	pages={1194--1202},
	year={2017},
	organization={IEEE}
}

@inproceedings{mnih2014recurrent,
	title={Recurrent models of visual attention},
	author={Mnih, Volodymyr and Heess, Nicolas and Graves, Alex and others},
	booktitle={Advances in neural information processing systems},
	pages={2204--2212},
	year={2014}
}

@article{silver2016mastering,
	title={Mastering the game of Go with deep neural networks and tree search},
	author={Silver, David and Huang, Aja and Maddison, Chris J and Guez, Arthur and Sifre, Laurent and Van Den Driessche, George and Schrittwieser, Julian and Antonoglou, Ioannis and Panneershelvam, Veda and Lanctot, Marc and others},
	journal={nature},
	volume={529},
	number={7587},
	pages={484},
	year={2016},
	publisher={Nature Publishing Group}
}

@article{silver2017mastering,
	title={Mastering the game of Go without human knowledge},
	author={Silver, David and Schrittwieser, Julian and Simonyan, Karen and Antonoglou, Ioannis and Huang, Aja and Guez, Arthur and Hubert, Thomas and Baker, Lucas and Lai, Matthew and Bolton, Adrian and others},
	journal={Nature},
	volume={550},
	number={7676},
	pages={354},
	year={2017},
	publisher={Nature Publishing Group}
}

@article{huval2015empirical,
	title={An empirical evaluation of deep learning on highway driving},
	author={Huval, Brody and Wang, Tao and Tandon, Sameep and Kiske, Jeff and Song, Will and Pazhayampallil, Joel and Andriluka, Mykhaylo and Rajpurkar, Pranav and Migimatsu, Toki and Cheng-Yue, Royce and others},
	journal={arXiv preprint arXiv:1504.01716},
	year={2015}
}

@inproceedings{rausch2017learning,
	title={Learning a deep neural net policy for end-to-end control of autonomous vehicles},
	author={Rausch, Viktor and Hansen, Andreas and Solowjow, Eugen and Liu, Chang and Kreuzer, Edwin and Hedrick, J Karl},
	booktitle={American Control Conference (ACC), 2017},
	pages={4914--4919},
	year={2017},
	organization={IEEE}
}

@inproceedings{chen2017end,
	title={End-to-end learning for lane keeping of self-driving cars},
	author={Chen, Zhilu and Huang, Xinming},
	booktitle={Intelligent Vehicles Symposium (IV), 2017 IEEE},
	pages={1856--1860},
	year={2017},
	organization={IEEE}
}

@article{bojarski2017explaining,
	title={Explaining how a deep neural network trained with end-to-end learning steers a car},
	author={Bojarski, Mariusz and Yeres, Philip and Choromanska, Anna and Choromanski, Krzysztof and Firner, Bernhard and Jackel, Lawrence and Muller, Urs},
	journal={arXiv preprint arXiv:1704.07911},
	year={2017}
}

@incollection{thrun2007simultaneous,
	title={Simultaneous localization and mapping},
	author={Thrun, Sebastian},
	booktitle={Robotics and cognitive approaches to spatial mapping},
	pages={13--41},
	year={2007},
	publisher={Springer}
}

@article{durrant2006simultaneous,
	title={Simultaneous localization and mapping: part I},
	author={Durrant-Whyte, Hugh and Bailey, Tim},
	journal={IEEE robotics \& automation magazine},
	volume={13},
	number={2},
	pages={99--110},
	year={2006},
	publisher={IEEE}
}

@article{bailey2006simultaneous,
	title={Simultaneous localization and mapping (SLAM): Part II},
	author={Bailey, Tim and Durrant-Whyte, Hugh},
	journal={IEEE Robotics \& Automation Magazine},
	volume={13},
	number={3},
	pages={108--117},
	year={2006},
	publisher={IEEE}
}

@article{fuentes2015visual,
	title={Visual simultaneous localization and mapping: a survey},
	author={Fuentes-Pacheco, Jorge and Ruiz-Ascencio, Jos{\'e} and Rend{\'o}n-Mancha, Juan Manuel},
	journal={Artificial Intelligence Review},
	volume={43},
	number={1},
	pages={55--81},
	year={2015},
	publisher={Springer}
}

@article{lillicrap2015continuous,
	title={Continuous control with deep reinforcement learning},
	author={Lillicrap, Timothy P and Hunt, Jonathan J and Pritzel, Alexander and Heess, Nicolas and Erez, Tom and Tassa, Yuval and Silver, David and Wierstra, Daan},
	journal={arXiv preprint arXiv:1509.02971},
	year={2015}
}

@inproceedings{abbeel2004apprenticeship,
	title={Apprenticeship learning via inverse reinforcement learning},
	author={Abbeel, Pieter and Ng, Andrew Y},
	booktitle={Proceedings of the twenty-first international conference on Machine learning},
	pages={1},
	year={2004},
	organization={ACM}
}